<?xml version="1.0" encoding="UTF-8"?><collection xmlns="http://www.loc.gov/MARC21/slim"><record><leader>00397nam--2200133-i-4500</leader><controlfield tag="001">000020369</controlfield><controlfield tag="002">20161230</controlfield><controlfield tag="005">20161230201033</controlfield><controlfield tag="008">060222s1000------------r-----000-0-eng-d</controlfield><datafield ind1=" " ind2=" " tag="080"><subfield code="a">621.039.588(061.3)</subfield></datafield><datafield ind1=" " ind2=" " tag="245"><subfield code="a">Emergency planning and preparedness for nuclear facilities.proceedings. vienna, aiea, 1986. 581 p</subfield></datafield><datafield ind1=" " ind2=" " tag="260"><subfield code="a">Vienna, Aiea, 1986. 581 P</subfield></datafield><datafield ind1=" " ind2=" " tag="490"><subfield code="a">Proceedings Series</subfield></datafield><datafield ind1=" " ind2=" " tag="852"><subfield code="a">73276</subfield></datafield></record></collection>